@article{soni2022decision,
  title={A decision-making framework for Industry 4.0 technology implementation: The case of FinTech and sustainable supply chain finance for SMEs},
  author={Soni, Gunjan and Kumar, Satish and Mahto, Raj V and Mangla, Sachin K and Mittal, ML and Lim, Weng Marc},
  journal={Technological Forecasting and Social Change},
  volume={180},
  pages={121686},
  year={2022},
  publisher={Elsevier}
}

@article{Arora_15,
	title = {Gait based authentication using gait information image features},
	author = {Arora, Parul and Hanmandlu, Madasu and Srivastava, Smriti},
	journal = {Pattern Recognition Letters},
	volume = {68},
	pages = {336 -- 342},
	month = {December},
	year = {2015}
}